@article{betser2009sinusoidal,
  title={Sinusoidal polynomial parameter estimation using the distribution derivative},
  author={Betser, Micha{\"e}l},
  journal={Signal Processing, IEEE Transactions on},
  volume={57},
  number={12},
  pages={4633--4645},
  year={2009},
  publisher={IEEE}
}
@article{xuepiecewise,
  title={piecewise derivative estimation of time-varying sinusoids as spline exponential functions},
  author={Xue, Wen}
}
@inproceedings{stowell2013improved,
  title={Improved multiple birdsong tracking with distribution derivative method and Markov renewal process clustering},
  author={Stowell, Dan and Mu{\v{s}}evi{\v{c}}, Sa{\v{s}}o and Bonada, Jordi and Plumbley, Mark D},
  booktitle={Acoustics, Speech and Signal Processing (ICASSP), 2013 IEEE International Conference on},
  pages={468--472},
  year={2013},
  organization={IEEE}
}
@mastersthesis{creager2016musicalsource,
  title={Musical source separation by coherent frequency modulation cues},
  author={Creager, Elliot},
  year={2016},
  school={McGill University}
}
@mastersthesis{hamilton2011non,
  title={Non-stationary sinusoidal parameter estimation},
  author={Hamilton, Brian},
  year={2011},
  school={McGill University}
}
@inproceedings{hamilton2012comparisons,
  title={Comparisons of parameter estimation methods for an exponential polynomial sound signal model},
  author={Hamilton, Brian and Depalle, Philippe},
  booktitle={Audio Engineering Society Conference: 45th International Conference: Applications of Time-Frequency Processing in Audio},
  year={2012},
  organization={Audio Engineering Society}
}
@book{schwartz1959theorie,
  title={Th{\'e}orie des distributions},
  author={Schwartz, Laurent and Institut de math{\'e}matique (Strasbourg)},
  volume={2},
  year={1959},
  publisher={Hermann Paris}
}
@book{kay1993fundamentals,
  title={Fundamentals of statistical signal processing, volume I: Estimation theory},
  author={Kay, Steven M},
  year={1993},
  publisher={Prentice Hall}
}
@article{nuttall1981some,
  title={Some windows with very good sidelobe behavior},
  author={Nuttall, Albert},
  journal={IEEE Transactions on Acoustics, Speech, and Signal Processing},
  volume={29},
  number={1},
  pages={84--91},
  year={1981},
  publisher={IEEE}
}
@article{harris1978use,
  title={On the use of windows for harmonic analysis with the discrete Fourier transform},
  author={Harris, Fredric J},
  journal={Proceedings of the IEEE},
  volume={66},
  number={1},
  pages={51--83},
  year={1978},
  publisher={IEEE}
}
@article{rabiner1970approach,
  title={An approach to the approximation problem for nonrecursive digital filters},
  author={Rabiner, L and Gold, Bernard and McGonegal, C},
  journal={IEEE Transactions on Audio and Electroacoustics},
  volume={18},
  number={2},
  pages={83--106},
  year={1970},
  publisher={IEEE}
}
@book{golub1996matrix,
  title={Matrix computations},
  author={Golub, Gene H and Van Loan, Charles F},
  edition={3rd},
  year={1996},
  publisher={The John Hopkins University Press}
}
@article{slepian1978prolate,
  title={Prolate spheroidal wave functions, Fourier analysis, and uncertainty
      {V}: The discrete case},
  author={Slepian, David},
  journal={Bell Labs Technical Journal},
  volume={57},
  number={5},
  pages={1371--1430},
  year={1978},
  publisher={Wiley Online Library}
}
@inproceedings{verma1996digital,
  title={The digital prolate spheroidal window},
  author={Verma, Tony and Bilbao, Stefan and Meng, Teresa HY},
  booktitle={Acoustics, Speech, and Signal Processing, 1996. ICASSP-96. Conference Proceedings., 1996 IEEE International Conference on},
  volume={3},
  pages={1351--1354},
  year={1996},
  organization={IEEE}
}
